<?xml version="1.0" encoding="UTF-8"?><collection xmlns="http://www.loc.gov/MARC21/slim"><record><leader>00514nam--2200169-i-4500</leader><controlfield tag="001">000040465</controlfield><controlfield tag="002">20161230</controlfield><controlfield tag="005">20170125131408</controlfield><controlfield tag="008">060222s1000------------r-----000-0-eng-d</controlfield><datafield ind1=" " ind2=" " tag="080"><subfield code="a">517.3(083)</subfield></datafield><datafield ind1=" " ind2=" " tag="100"><subfield code="a">Ryzhik, I. M</subfield></datafield><datafield ind1=" " ind2=" " tag="245"><subfield code="a">Table of integrals, series and products. Fourth ed. prepared by Yu.V.Geronimus and M.Yu.Tseytlin. Transl.edited by Alan Jeferey</subfield></datafield><datafield ind1=" " ind2=" " tag="260"><subfield code="a">New York</subfield><subfield code="b">Acad.Press</subfield><subfield code="c">1965</subfield></datafield><datafield ind1=" " ind2=" " tag="300"><subfield code="a">XIV + 1086 p</subfield></datafield><datafield ind1=" " ind2=" " tag="700"><subfield code="a">Gradshteyn, I. S</subfield></datafield><datafield ind1=" " ind2=" " tag="852"><subfield code="a">77619</subfield></datafield><datafield ind1=" " ind2=" " tag="CAT"><subfield code="a">SYS</subfield><subfield code="c">20170125</subfield><subfield code="h">131408</subfield></datafield></record></collection>